<record><leader>00000cas a22000007a 4500</leader><controlfield tag="001">13987514</controlfield><controlfield tag="008">860730d18591868aluwr ne      0    0eng d</controlfield><datafield ind1=" " ind2=" " tag="010"><subfield code="a">sn 86050318 </subfield></datafield><datafield ind1=" " ind2=" " tag="040"><subfield code="a">AAR</subfield><subfield code="b">eng</subfield><subfield code="c">AAR</subfield><subfield code="d">CPN</subfield><subfield code="d">OCL</subfield><subfield code="d">CPN</subfield><subfield code="d">OCLCQ</subfield></datafield><datafield ind1=" " ind2=" " tag="019"><subfield code="a">13997739</subfield></datafield><datafield ind1=" " ind2=" " tag="042"><subfield code="a">msc</subfield></datafield><datafield ind1="0" ind2="4" tag="245"><subfield code="a">The Southern advertiser.</subfield></datafield><datafield ind1=" " ind2=" " tag="260"><subfield code="a">Troy, Ala. :</subfield><subfield code="b">D.A. Hobbie</subfield></datafield><datafield ind1=" " ind2=" " tag="300"><subfield code="a">v. ;</subfield><subfield code="c">54 cm.</subfield></datafield><datafield ind1=" " ind2=" " tag="310"><subfield code="a">Weekly</subfield></datafield><datafield ind1="1" ind2=" " tag="362"><subfield code="a">Began in 1859; ceased in 1868.</subfield><subfield code="z">Cf. Ellison, R.C. Hist. and bibl. of Ala. newspapers in the nineteenth century.</subfield></datafield><datafield ind1=" " ind2=" " tag="588"><subfield code="a">Description based on: Vol. 2, no. 14 (Oct. 19, 1860).</subfield></datafield><datafield ind1=" " ind2=" " tag="752"><subfield code="a">United States</subfield><subfield code="b">Alabama</subfield><subfield code="c">Pike</subfield><subfield code="d">Troy.</subfield></datafield><datafield ind1="0" ind2="7" tag="785"><subfield code="t">Southern messenger (Troy, Ala.)</subfield><subfield code="w">(DLC)sn 86050317</subfield></datafield><datafield ind1="0" ind2="7" tag="785"><subfield code="t">Messenger and advertiser (Troy, Ala.)</subfield><subfield code="w">(DLC)sn 86050319</subfield></datafield><datafield ind1="1" ind2=" " tag="029"><subfield code="a">AU@</subfield><subfield code="b">000025783790</subfield></datafield></record>